1944 2442
668 613 690 654 J
692 614 726 655 Ο.
752 613 987 654 FRIDERICI
1013 613 1184 655 OOTTAE

641 701 660 721 S.
678 701 778 722 THEOL.
794 701 820 721 D.
841 701 876 721 ΕΤ
894 701 924 721 IN
940 701 1022 722 ACAD.
1039 701 1151 722 TUBING.
1171 701 1214 721 PP.

818 766 1038 798 PRAEFATIO

902 842 960 866 Qus

591 906 649 935 DE
673 904 763 936 VITA
786 906 844 936 ET
862 904 987 936 FATJS
1005 906 1063 936 ΕΤ
1081 905 1270 936 SUMPTIS

523 985 864 1033 JOANNIS
915 985 1332 1033 GERHARDI

843 1081 1010 1102 DISSERITUR

760 1145 848 1163 DENUO
863 1145 891 1163 m
904 1145 992 1163 LUCEM
1006 1145 1095 1163 EmTA.

379 1196 458 1234 Quum
474 1205 589 1228 Locorum
605 1205 774 1236 theoloqicorum
790 1213 804 1228 a
819 1205 839 1229 b.
856 1205 978 1229 Gerhardo
993 1206 1048 1229 olim
1063 1205 1176 1229 editorum
1191 1205 1330 1235 praestantia
1345 1204 1433 1228 dudum
1449 1199 1543 1228 innotu-

311 1242 358 1265 erit
373 1241 487 1271 omnibus,
503 1241 543 1271 qui
558 1241 675 1265 doctrinae
687 1241 796 1265 sanctiori
812 1249 878 1265 suam
894 1242 1032 1265 addixerunt
1044 1249 1143 1272 operam,
1161 1241 1199 1265 vix
1213 1249 1272 1272 opus
1288 1249 1339 1265 esse
1356 1241 1499 1268 arbitramur,
1515 1245 1541 1265 ut

313 1278 429 1305 rationes,
451 1286 511 1309 quae
531 1278 561 1301 ad
580 1277 632 1301 libri
653 1278 721 1308 hujus
735 1286 818 1301 novam
835 1278 959 1302 editionem
976 1287 1017 1302 nos
1033 1277 1168 1309 praesertim
1182 1277 1325 1309 impulerint,
1340 1277 1433 1309 copiose
1449 1277 1486 1301 hic
1500 1285 1542 1301 ex·

313 1322 434 1346 ponamus.
463 1314 491 1337 Id
504 1314 581 1346 potius
596 1314 694 1338 instituti
706 1314 778 1338 nostri
793 1315 850 1338 ratio
862 1315 972 1346 exposcit,
987 1319 1014 1338 ut
1030 1314 1106 1345 vitam,
1122 1314 1169 1338 fata
1184 1318 1253 1345 atque
1266 1314 1352 1345 scripta
1367 1314 1475 1344 auctoris,
1490 1318 1542 1346 post

313 1352 363 1375 sata
379 1359 471 1382 quoque
482 1351 626 1374 celeberrimi
642 1352 717 1382 deque
733 1352 853 1382 republica
870 1352 981 1375 litteraria
998 1356 1067 1382 atque
1083 1351 1181 1375 ecclesia
1195 1351 1329 1382 cumprimis
1343 1351 1429 1383 puriori
1447 1351 1542 1375 immor—

311 1388 391 1411 taliter
404 1388 486 1418 meriti,
502 1396 536 1418 ea,
552 1396 598 1418 qua
614 1387 663 1411 fieri
678 1392 761 1419 potest,
777 1389 888 1412 brevitate
904 1397 1043 1412 enarremus.

376 1425 410 1448 Ut
430 1426 507 1455 itaque
528 1433 542 1448 a
564 1425 611 1448 vita
625 1425 664 1449 Jo.
681 1424 809 1453 Gerhsrdi,
825 1433 894 1456 quam
910 1425 990 1456 paucis
1005 1433 1111 1448 enarrare
1128 1425 1298 1454 constituimus,
1321 1424 1413 1447 dicendi
1429 1424 1541 1448 faciamus

314 1461 412 1489 initium,
428 1461 536 1485 nascendi
553 1465 637 1485 sortem
649 1465 730 1485 nactus
743 1467 775 1485 est
787 1461 872 1485 Noster
884 1470 944 1485 anno
960 1462 1027 1485 1582.
1043 1461 1081 1484 die
1096 1462 1131 1485 17.
1142 1460 1251 1484 Octobris
1261 1460 1439 1492 Quedlinburgi,
1456 1460 1540 1485 celebri

314 1498 446 1529 Superioris
461 1498 577 1522 saxoniae
593 1498 661 1525 urbe,
681 1506 750 1528 quam
765 1502 787 1521 et
803 1503 882 1529 postea
896 1506 985 1529 semper
999 1498 1083 1521 amavit
1099 1498 1196 1527 Noster,
1218 1497 1309 1521 felicem
1329 1505 1379 1521 sese
1395 1497 1540 1528 praedicam,

314 1534 392 1558 locum
408 1535 475 1565 huno,
491 1534 626 1564 antiquitate
643 1542 669 1558 sc
685 1534 817 1558 celebritate
833 1535 913 1567 paucis
930 1535 954 1558 in
971 1535 1074 1558 Saxonis
1089 1535 1227 1564 secundum,
1241 1542 1265 1557 se
1281 1538 1413 1558 nascentem
1430 1534 1482 1558 sinu
1497 1542 1540 1558 suo

314 1572 442 1603 excepisse,
458 1572 482 1594 in
498 1579 525 1595 eo
541 1571 661 1595 infantiam
676 1580 741 1594 suam
756 1572 863 1602 vagiisse,
880 1572 1002 1603 pueritiam
1017 1571 1106 1599 lusisse,
1123 1572 1264 1595 iuventutem
1280 1571 1401 1595 educatam
1417 1579 1474 1595 esse.

376 1609 471 1632 Patrem
482 1613 604 1631 veneratus
622 1612 657 1631 est
676 1608 877 1632 Bartholomaeum
894 1608 1050 1636 Gerhardum,
1071 1608 1195 1639 patricium
1216 1612 1237 1631 et
1259 1608 1392 1639 amplissimi
1408 1612 1540 1632 senatorum

314 1645 570 1676 Quedlinburgensium
601 1645 687 1668 ordinis
716 1653 854 1668 assessorem
881 1645 1009 1675 nerui-iique
1035 1645 1143 1668 senatorii
1165 1645 1316 1675 praetectum,
1355 1645 1421 1668 cuius
1443 1649 1540 1668 mortem

313 1687 483 1713 praematuram
500 1689 560 1705 anno
577 1682 645 1705 1598.
661 1681 805 1705 acerbissime
820 1681 884 1706 luxit.
915 1682 1013 1705 Matrem
1029 1690 1083 1705 vcro
1100 1681 1180 1705 habuit
1195 1681 1367 1713 Margaretham
1383 1682 1539 1712 Berndesiam,

314 1718 438 1742 virtutibus
454 1718 618 1742 matronalibus
635 1718 734 1742 maxime
749 1718 905 1750 conspicuam,
920 1720 958 1743 Jo.
976 1718 1102 1748 Berndesii,
1122 1718 1255 1742 scabinatus
1271 1718 1482 1742 Halberstadiensis
1504 1726 1541 1741 as—

314 1755 421 1782 sessoris,
437 1754 515 1782 filiam,
531 1755 567 1778 cui
585 1763 646 1778 anno
662 1756 729 1779 1624.
753 1754 924 1786 Quedlinburgi
940 1755 1073 1783 decedenti,
1089 1755 1170 1779 intimo
1186 1763 1290 1778 moerore
1306 1759 1465 1786 compunctus,
1480 1755 1541 1779 iusta

314 1792 389 1815 solvit.
420 1791 456 1814 Ex
472 1791 598 1815 maioribus
614 1791 663 1814 eius
679 1791 772 1815 minime
783 1792 999 1823 praetermittendus
1014 1792 1052 1815 hic
1066 1792 1134 1815 nobis
1151 1796 1185 1815 est
1200 1792 1306 1815 Andreas
1321 1791 1463 1822 Gerhardus,
1484 1800 1541 1816 avus

315 1833 433 1859 patemus,
449 1828 587 1851 Abbatissae
599 1827 823 1859 Quedlinburgensis
839 1829 955 1860 quondam
971 1828 1122 1856 consiliarius,
1134 1828 1170 1852 vir
1186 1829 1215 1852 ab
1231 1828 1365 1858 eruditione,
1381 1829 1503 1859 prudentia
1517 1833 1540 1852 et

312 1867 401 1896 pietate
412 1872 556 1896 summopore
569 1865 765 1895 commendabilis,
782 1865 847 1888 euius
863 1870 885 1889 et
902 1865 956 1893 filia,
973 1865 1097 1895 Gertruda,
1112 1865 1158 1888 iam
1171 1865 1366 1894 Quenstadtiomm
1379 1870 1470 1896 gentem
1487 1873 1540 1889 cum

314 1901 477 1925 Galum-diana
498 1901 559 1925 felici
579 1901 695 1925 connubio
717 1901 839 1932 copulavit.
869 1901 965 1925 Praeter
980 1906 1083 1926 nostrum
1099 1906 1175 1925 autem
1196 1902 1235 1925 Jo,
1252 1901 1399 1926 Gerhardum
1414 1902 1463 1926 nati
1478 1902 1540 1926 hisce

312 1938 450 1970 parentibus
470 1942 523 1962 sunt
539 1937 623 1961 filiolus
644 1938 720 1961 adhuc
733 1946 800 1966 unus,
821 1938 932 1969 Andreas,
954 1946 1020 1962 anno·
1031 1939 1098 1962 1580.
1115 1938 1175 1961 filiae
1192 1945 1245 1961 vcro
1261 1938 1363 1969 quinque
1369 1947 1376 1966 3
1399 1938 1459 1962 inter
1482 1946 1539 1969 quas

314 1975 425 2003 secunda,
445 1974 572 2002 Dorothea,
593 1974 717 2005 Ludolpho
740 1974 908 2004 Quenstadtio,
924 1975 1021 2006 patricio
1038 1974 1257 2006 Quedlinburgensi,
1273 1980 1346 2006 nupta
1367 1976 1405 1999 Jo.
1420 1975 1539 1999 Andream

313 2011 503 2042 Quenstadtium,
526 2011 605 2042 magni
628 2011 728 2034 nominis
752 2011 894 2043 theologum,
917 2012 1012 2043 peperit.
1051 2012 1134 2035 Frater
1155 2011 1254 2035 Joannis
1280 2012 1353 2035 nostri
1377 2016 1433 2035 natu
1459 2012 1540 2040 maior,

313 2048 421 2071 Andreas
438 2048 581 2076 Gerbanlus,
606 2048 711 2079 quamvis
731 2049 833 2071 nondum
850 2048 1002 2079 quadraginta
1017 2053 1063 2072 tres
1079 2056 1150 2072 annos
1166 2048 1248 2080 plenos
1263 2053 1330 2072 natus
1351 2048 1456 2072 humanis
1472 2056 1540 2079 prae-

313 2089 405 2108 mature
421 2084 488 2108 nimis
503 2085 631 2116 eriperetur
646 2085 726 2114 rebus,
748 2089 824 2108 tamen
840 2085 870 2109 ad
885 2093 1000 2109 summum
1016 2085 1129 2109 honorum
1145 2085 1237 2109 culmen
1250 2085 1296 2109 iam
1310 2088 1420 2119 evaserat.
1449 2085 1540 2108 Iurium
