1944 2442
615 236 672 259 QUA
687 236 725 256 DE
739 236 807 257 VITA
820 236 859 257 JO.
873 235 1019 256 GERHABDI
1031 236 1201 257 DISSERITUR.
1489 238 1520 257 lx

293 292 458 316 serenissimus.
485 292 652 315 Recentissima
668 292 735 315 huius
751 293 912 316 constitutionis
927 293 1083 316 ecclesiasticae
1099 293 1169 315 editio
1186 292 1290 324 Coburgi
1305 301 1366 317 anno
1383 293 1450 317 1713.
1467 301 1521 324 pro-

293 329 339 357 diit,
355 329 394 352 cui
410 329 504 352 brevem
520 328 688 359 expositionem
703 328 732 352 de
744 330 921 352 ordinationibus
938 330 1086 352 ecclesiasticis
1107 329 1195 352 addidit
1217 330 1329 353 Ernestus
1345 329 1456 354 Salomon
1472 329 1520 361 Cy-

292 365 394 396 prianus,
410 364 533 396 theologus
548 365 679 392 Gothanns‚
695 365 761 396 isque
776 365 945 389 celeberrimus.

383 419 481 444 Ordinis
498 420 556 443 ratio
572 420 618 443 iam
632 420 748 451 exposcit,
761 425 787 443 ut
801 420 831 443 de
845 421 965 444 vocatione
983 422 1085 451 Jenenei,
1102 421 1130 444 ad
1146 429 1215 451 quam
1227 421 1385 452 accipiendam
1396 422 1447 453 ipse
1458 422 1520 445 Ger-

291 457 375 480 hardus
384 465 451 480 suam
459 456 626 488 proclivitatem
638 457 700 480 haud
711 457 808 480 obscure
819 457 926 488 prodidit,
938 458 1056 489 sigillatim
1066 458 1177 481 nonnulla
1187 458 1296 482 dicamus.
1312 458 1366 481 Jam
1378 466 1439 482 anno
1452 460 1519 482 1611.

290 494 411 518 academia
420 494 529 518 Jenensis
539 494 606 517 valde
617 494 737 524 institerat,
751 499 775 517 ut
788 494 921 517 Gerhardus
933 494 1049 525 professor
1061 495 1105 517 sibi
1116 494 1238 525 theologiae
1248 495 1417 519 concederetur.
1438 495 1520 525 Neque

290 537 367 554 tamen
382 536 432 554 tum
448 531 558 561 temporis
574 530 622 553 voti
638 531 673 553 sui
690 538 784 561 compos
800 531 848 553 fieri
864 531 946 561 potuit,
964 531 1077 561 siquidem
1093 531 1250 554 serenissimus
1264 531 1377 562 Princeps
1394 531 1520 555 Casimirus

289 567 358 591 nullis
373 567 458 591 adduci
473 567 547 598 potuit
563 567 699 597 rationibus,
715 572 740 590 ut
752 567 899 590 Gerhardum
912 567 996 590 Jcnam
1014 568 1144 592 dimitteret.
1176 569 1264 591 Verum
1280 576 1351 599 quum
1368 568 1519 598 quadriennio

290 609 344 635 post
352 604 494 627 Ambrosius
505 604 645 634 Raeudeuius,
658 603 774 627 facultatis
786 604 921 634 theologicae
932 605 955 627 in
968 604 1085 628 academia
1093 604 1188 628 Jenensi
1200 605 1283 634 senior,
1301 605 1368 628 rebus
1382 605 1521 629 eximeretur

290 641 406 671 humanis,
421 646 491 671 atque
504 640 645 668 Gerhardus,
660 646 685 664 ut
702 641 804 664 eiusdem
819 641 896 664 locum
909 641 1033 671 suppleret,
1048 641 1124 664 denuo
1139 641 1272 665 solemniter
1282 646 1408 669 vocaretur,
1425 642 1519 674 ipseque

290 678 386 710 insuper
401 678 496 702 Elector
510 678 620 702 Saxoniae
629 678 734 702 Joannes
746 678 863 708 Georgius
879 679 896 702 I.
912 678 950 701 die
967 678 1002 701 18.
1015 677 1073 700 Julii
1090 678 1143 701 anni
1156 679 1222 702 1615.
1239 678 1326 701 litteras
1342 678 1385 702 hac
1402 678 1431 701 de
1447 687 1471 702 re
1488 679 1518 702 ad

291 715 426 746 Principem
437 715 475 740 Jo.
488 715 625 738 Casimirum
638 715 713 742 dnret;
731 715 816 737 factum
833 714 869 738 vel
880 714 972 738 tandem
989 719 1030 744 est,
1043 718 1069 737 ut
1080 714 1222 742 Gerhardus,
1238 715 1345 738 Electore
1355 715 1463 739 Saxoniae
1479 716 1519 738 im-

292 752 370 783 primis
387 752 551 781 intercessore,
570 751 726 774 dimissionem
747 751 781 774 sui
803 752 832 774 nd
848 751 988 775 academiam
1002 751 1126 774 Jenensem
1142 760 1155 774 a
1172 751 1284 775 Casimiro
1296 752 1416 775 obtineret.
1443 752 1520 782 Leges

291 794 366 812 tamen
392 788 437 819 ipsi
460 788 620 811 serenissimus
644 788 708 811 hicce
723 788 835 819 Princeps
858 788 969 818 quasdam
989 788 1146 818 praescripsit,
1169 788 1190 811 vi
1212 797 1309 819 quarum
1329 789 1404 812 adhuc
1419 789 1519 819 quodam

292 825 360 848 modo
378 833 435 848 suus
450 829 608 856 permaneret;
630 825 737 848 nimirum
760 829 784 848 ut
808 825 831 847 in
847 829 964 855 posterum
979 833 1073 856 quoque
1089 825 1244 848 consiliarium
1261 825 1441 849 ecclesiasticum
1457 826 1520 857 apud

293 863 367 893 ipsum
387 866 478 893 ageret,
500 866 526 884 ut
540 870 609 892 porro
624 861 804 889 visitationibus,
825 862 921 892 synodis
949 862 1045 893 aliisque
1062 862 1278 892 deliberationibus,
1300 862 1374 885 sicubi
1394 863 1518 886 necessitas

294 899 315 921 id
339 903 486 930 exposceret,
509 907 584 928 neque
606 904 682 921 tamen
705 899 752 921 suis
768 899 894 924 sumtibus.
916 899 1047 925 interesset,
1073 899 1173 929 itemque
1190 903 1215 921 ut
1232 899 1356 929 quotannis
1375 899 1519 922 examinibus

294 935 410 967 gymnasii
431 935 578 959 Casimiriani
596 935 713 958 assisteret
739 940 807 966 atque
830 939 854 957 ut
876 935 975 965 denique
992 935 1130 966 peculiarem
1149 943 1227 958 curam
1251 943 1330 958 eorum
1356 940 1458 966 gereret,
1479 936 1519 966 qui

295 973 341 996 suis
358 977 382 996 et
397 972 475 995 fratris
490 972 527 996 Jo.
539 971 632 995 Ernesti
646 972 789 996 Isenncensis
806 972 925 1003 stipendiis
942 972 965 994 in
986 972 1074 995 litteras
1084 972 1158 995 Jenae
1174 972 1338 996 incumberent.
1370 972 1418 996 Pro
1434 972 1519 1003 quibus

295 1009 375 1033 officiis
389 1008 423 1032 illi
437 1017 539 1032 annuum
555 1013 645 1032 centum
664 1009 803 1032 florenorum
820 1008 960 1039 stipendium
976 1008 1084 1032 decrevit.

384 1064 465 1094 Atque
480 1064 509 1086 ab
524 1063 568 1087 hoc
584 1068 687 1094 tempore
703 1071 762 1087 nova
778 1064 823 1086 iam
841 1064 899 1086 vitae
911 1063 1027 1087 Gerhardi
1037 1063 1145 1094 periodus
1162 1064 1256 1093 orditur,
1272 1071 1340 1094 quam
1354 1064 1413 1087 inter
1425 1069 1519 1095 exopta-

296 1101 394 1124 tissimas
417 1108 508 1131 semper
528 1100 605 1123 retulit
624 1104 694 1130 atque
715 1100 743 1123 de
764 1109 822 1131 qua,
843 1100 948 1131 quamvis
969 1100 1084 1124 videretur
1102 1100 1130 1123 de
1146 1100 1220 1123 altiori
1243 1101 1362 1132 dignitatis
1383 1101 1456 1132 gradu
1478 1101 1519 1123 de-

297 1138 413 1168 scendere,
428 1138 511 1160 mirum
527 1137 550 1160 in
567 1137 661 1160 modum
673 1137 717 1160 sibi
728 1137 858 1168 gratulatus
873 1142 912 1160 est.
945 1137 1020 1160 Tanto
1036 1142 1112 1160 autem
1128 1145 1180 1160 cum
1197 1138 1277 1160 ardore
1294 1146 1343 1161 sese
1360 1138 1436 1160 statim
1454 1145 1520 1168 prae-

298 1174 433 1198 lectionibus
456 1174 505 1197 suis
525 1174 659 1204 theologicis
676 1174 798 1205 applicuit,
822 1178 846 1197 ut
863 1173 921 1197 nihil
936 1174 1003 1205 plane
1019 1182 1098 1197 eorum
1115 1174 1316 1205 praetermitteret,
1338 1182 1398 1204 quae
1413 1174 1519 1205 egregios

297 1211 452 1235 doctrinarum
474 1215 604 1234 sanctarum
625 1219 790 1234 consecraneos
806 1211 925 1234 efformare
945 1216 1044 1241 possent.
1076 1211 1136 1234 Nam
1151 1218 1240 1241 praeter
1257 1211 1396 1241 isagogicam
1416 1210 1519 1234 locorum

299 1248 479 1279 theologicorum
490 1248 672 1279 explicationem,
688 1256 757 1277 quam
770 1247 869 1270 subinde
880 1248 985 1277 instituit,
996 1247 1094 1278 singulis
1105 1256 1196 1279 quoque
1208 1248 1274 1270 annis
1285 1247 1396 1278 quosdam
1407 1248 1518 1270 duntaxat

298 1285 358 1308 locos
375 1285 516 1315 eosdemque
532 1285 667 1315 praecipuos
682 1284 784 1307 curatius
800 1284 844 1307 sibi
860 1284 1008 1308 excutiendos
1027 1285 1115 1309 sumsit.
1143 1284 1229 1307 Contra
1245 1284 1319 1308 omnis
1332 1284 1423 1315 generis
1433 1284 1518 1315 hostes,

300 1322 434 1353 quibuscum
455 1321 564 1345 ecclesiae
588 1321 686 1352 purioris
710 1321 842 1344 doctoribus
866 1326 981 1344 certamen
1004 1321 1150 1344 subeundum
1174 1326 1222 1349 est,
1247 1321 1356 1344 invictum
1378 1321 1402 1344 in
1423 1321 1518 1344 veritate

299 1359 381 1382 tuenda
398 1359 542 1382 defensorem
558 1358 612 1389 egit.
644 1358 757 1389 Imprimis
773 1363 853 1381 contra
870 1358 1026 1381 Romanenses
1042 1357 1133 1381 fortiter
1148 1358 1260 1388 pugnavit
1279 1358 1418 1388 eosdemque
1434 1357 1518 1381 habitis

299 1395 353 1419 banc
374 1396 397 1419 in
417 1403 466 1419 rem
477 1391 591 1425 ‘collegiis
607 1394 679 1418 solide
695 1395 828 1419 confutavit.
860 1395 890 1418 Et
907 1403 961 1418 sane
977 1400 1030 1425 post
1045 1394 1174 1418 Lutherum
1191 1400 1259 1424 atque
1275 1394 1431 1418 Chemnitium
1453 1403 1518 1425 prae-

298 1433 392 1456 stantior
413 1431 541 1455 debellator
561 1431 670 1455 ecclesiae
686 1440 794 1454 romanae
810 1432 930 1454 doctorum
945 1431 982 1454 vix
997 1431 1093 1461 cogitari
1110 1436 1196 1461 potest,
1217 1431 1257 1461 qui
1274 1439 1338 1454 arma
1353 1431 1454 1462 ipsorum
1470 1436 1518 1454 tam

297 1469 386 1500 egregie
405 1468 538 1492 retunderet
559 1476 645 1498 eosque
674 1469 722 1491 suis
746 1469 847 1499 ipsorum
869 1468 952 1498 gladiis
971 1468 1092 1499 iugulat-et.
1130 1469 1253 1492 Praeterea
1274 1472 1353 1491 contra
1374 1468 1412 1491 Jo.
1427 1467 1518 1491 calvini

301 1505 394 1529 asseclas
418 1505 535 1528 auditores
552 1513 606 1528 suos
623 1505 719 1528 sollicite
735 1505 883 1531 communire,
899 1513 992 1527 suarum
1007 1505 1072 1528 duxit
1089 1513 1137 1528 esse
1153 1505 1258 1536 partium.
1284 1504 1410 1528 Descendit.
1426 1512 1518 1538 quoque

299 1542 320 1564 in
340 1550 433 1566 arenam
449 1550 502 1565 cum
517 1542 675 1572 Photinianis‚
695 1542 764 1572 idque
782 1542 843 1564 haud
859 1541 992 1572 infeliciter,
1013 1542 1075 1564 omni
1092 1542 1178 1572 quippe
1195 1549 1310 1564 armorum
1325 1549 1409 1573 genere
1425 1541 1518 1564 abunde

298 1578 424 1603 instructus.
456 1579 622 1609 Disputatoriis
639 1578 744 1609 collegiis
761 1579 858 1602 multum
875 1578 955 1601 statuit
976 1578 1043 1609 pretii
1066 1578 1136 1608 inque
1158 1578 1186 1601 iis
1209 1577 1334 1609 discipulos
1350 1586 1404 1601 suos
1420 1578 1518 1608 diligen-

300 1616 381 1639 tissime
397 1616 507 1639 exercuit.
538 1615 616 1639 Horas
631 1620 707 1638 tamen
723 1615 853 1646 exegeticus
870 1615 976 1638 omnibus
991 1614 1040 1637 tere
1056 1615 1152 1645 reliquis
1167 1614 1279 1638 antetulit.
1308 1615 1382 1638 Pauci
1396 1619 1449 1638 suut
1465 1614 1518 1637 libri

301 1652 379 1676 veteris
396 1652 498 1683 novique
514 1652 650 1680 testamenti,
666 1660 725 1682 quos
741 1661 787 1676 non
809 1652 832 1675 in
853 1651 1045 1683 praelectionibus
1067 1651 1114 1674 suis
1139 1651 1275 1674 academicis
1296 1651 1457 1674 nervosissime
1478 1659 1518 1674 ex-

299 1690 403 1720 posuerit.
418 1689 706 1720 Explanationiffln'xtolae
716 1690 747 1712 ad
756 1690 880 1716 Hebraeos,
894 1689 935 1712 sed
943 1697 990 1711 non
1000 1688 1076 1719 prima
1086 1688 1178 1711 demum
1189 1688 1238 1711 vice
1249 1688 1372 1718 institutae,
1382 1688 1517 1711 immortuus

300 1731 335 1750 est,
364 1726 483 1749 Adiunxit
505 1725 568 1748 hisce
589 1725 695 1749 omnibus
716 1725 816 1756 reliquas
833 1734 925 1756 quoque
942 1725 1051 1748 lectiones
1067 1730 1089 1748 et
1106 1724 1210 1755 collegia,
1234 1733 1294 1756 quae
1310 1734 1324 1748 a
1339 1725 1447 1755 theologo
1463 1733 1517 1747 con-

299 1769 405 1786 summato
426 1762 528 1793 fideique
552 1762 620 1793 pleno
644 1765 771 1793 exspectari
788 1767 890 1793 possunt.
930 1761 1009 1790 Quum
1031 1770 1091 1784 anno
1112 1762 1179 1785 1636.
1199 1762 1261 1785 Jena
1282 1761 1390 1788 Cahlam,
1416 1761 1517 1784 vicinum

299 1800 363 1823 musis
375 1799 469 1824 Salanis
484 1799 628 1831 oppidulum,
643 1807 693 1823 sese
709 1800 850 1829 contulisset,
867 1804 890 1822 ut
904 1799 995 1821 morbos
1011 1798 1157 1829 contagiosus
1169 1798 1243 1822 Jenae
1254 1803 1386 1829 grassantes
1398 1798 1517 1829 effugeret,

298 1835 318 1859 in
340 1837 382 1860 hoc
404 1836 471 1867 quasi
495 1836 576 1860 exsilio
598 1837 793 1859 commorantibus
817 1836 850 1858 ibi
875 1843 953 1859 secum
974 1835 1083 1858 studiosis
1104 1843 1143 1858 sex
1162 1835 1240 1866 priora
1260 1835 1335 1865 capita
1349 1836 1517 1866 Apocalypseos

299 1873 396 1904 exposuit
417 1873 533 1903 huiusque
556 1873 729 1904 explicationem
744 1877 826 1904 posteo.
840 1873 923 1896 Jenam
943 1880 1048 1895 reversus
1064 1872 1212 1896 continuavit.
1239 1871 1297 1895 Cum
1314 1871 1409 1903 collegis
1425 1872 1517 1896 Joanne

299 1909 382 1935 Maiore
397 1914 420 1933 et
434 1910 474 1934 Jo.
491 1909 616 1933 Himmelio
632 1911 656 1932 in
670 1909 770 1932 maxima
783 1918 810 1932 ac
827 1917 944 1940 nunquam
960 1909 1087 1940 interrupta
1103 1908 1224 1932 concordia
1240 1908 1303 1932 vixit.
1334 1908 1421 1932 Fasces
1436 1909 1518 1933 acade-

299 1946 362 1970 micos
382 1951 465 1977 quater
482 1946 562 1970 tenuit.
594 1946 684 1969 Decani
706 1951 782 1969 autem
798 1946 902 1977 partibus
919 1946 1022 1969 crebrius
1038 1955 1122 1977 magna
1144 1954 1196 1969 cum
1212 1945 1325 1976 dignitate
1341 1946 1464 1969 defunctus
1482 1951 1517 1970 est

300 1981 465 2014 honoribusque
491 1982 646 2006 doctoralibus
668 1983 758 2006 ornavit
780 1991 827 2006 non
849 1983 932 2006 multos
953 1983 1059 2013 quidem,
1084 1983 1125 2006 sed
1146 1990 1227 2013 graves
1249 1990 1277 2005 ac
1293 1982 1376 2013 dignos
1392 1982 1464 2010 viros,
1488 1991 1517 2006 ex

301 2019 376 2049 quibus
388 2020 537 2044 Salomonem
548 2019 673 2048 Glassium,
685 2019 817 2050 theologum
829 2019 1039 2050 incomparabilem,
1055 2020 1075 2042 F
1076 2020 1198 2042 ridericum
1211 2024 1233 2043 et
1244 2019 1395 2043 Wilhelmum
1408 2019 1517 2049 Lyseros,

302 2057 366 2080 Andr.
377 2057 509 2084 Keslerum,
521 2057 747 2088 superintendentem
762 2056 939 2087 Eisfeldeusem,
955 2061 978 2080 et
990 2056 1146 2080 Christianum
1157 2057 1292 2086 lNeberum,
1304 2061 1418 2087 pastorem
1428 2056 1517 2079 Halen-

301 2099 347 2123 sem,
361 2093 491 2116 nominasse
506 2093 610 2117 sufficiat.
